<record xmlns="http://www.loc.gov/MARC21/slim">
   <leader>07434cam a2200469 i 4500</leader>
   <controlfield tag="001">6799034</controlfield>
   <controlfield tag="003">OCoLC</controlfield>
   <controlfield tag="005">20150120121113.0</controlfield>
   <controlfield tag="008">140703t20152015enka     b    001 0 eng  </controlfield>
   <datafield ind1=" " ind2=" " tag="010">
      <subfield code="a">  2014024466</subfield>
   </datafield>
   <datafield ind1=" " ind2=" " tag="015">
      <subfield code="a">GBB483882</subfield>
      <subfield code="2">bnb</subfield>
   </datafield>
   <datafield ind1="7" ind2=" " tag="016">
      <subfield code="a">016821640</subfield>
      <subfield code="2">Uk</subfield>
   </datafield>
   <datafield ind1=" " ind2=" " tag="020">
      <subfield code="a">9780199332243 (hardcover : acid-free paper)</subfield>
   </datafield>
   <datafield ind1=" " ind2=" " tag="020">
      <subfield code="a">019933224X (hardcover : acid-free paper)</subfield>
   </datafield>
   <datafield ind1=" " ind2=" " tag="040">
      <subfield code="a">DLC</subfield>
      <subfield code="b">eng</subfield>
      <subfield code="e">rda</subfield>
      <subfield code="c">DLC</subfield>
      <subfield code="d">NDL</subfield>
      <subfield code="d">UKMGB</subfield>
      <subfield code="d">YDXCP</subfield>
      <subfield code="d">CDX</subfield>
      <subfield code="d">EEK</subfield>
      <subfield code="d">MOF</subfield>
      <subfield code="d">STF</subfield>
      <subfield code="d">UAB</subfield>
      <subfield code="d">AEU</subfield>
   </datafield>
   <datafield ind1=" " ind2=" " tag="042">
      <subfield code="a">pcc</subfield>
   </datafield>
   <datafield ind1=" " ind2=" " tag="043">
      <subfield code="a">n-us---</subfield>
   </datafield>
   <datafield ind1="0" ind2="0" tag="050">
      <subfield code="a">HJ257.2</subfield>
      <subfield code="b">.K59 2015</subfield>
   </datafield>
   <datafield ind1="0" ind2="0" tag="082">
      <subfield code="a">336.3/90973</subfield>
      <subfield code="2">23</subfield>
   </datafield>
   <datafield ind1=" " ind2=" " tag="084">
      <subfield code="a">BUS079000</subfield>
      <subfield code="a">POL024000</subfield>
      <subfield code="a">BUS064000</subfield>
      <subfield code="2">bisacsh</subfield>
   </datafield>
   <datafield ind1=" " ind2=" " tag="090">
      <subfield code="a">HJ 257.2 K59 2015</subfield>
      <subfield code="b">AEU</subfield>
   </datafield>
   <datafield ind1="1" ind2=" " tag="100">
      <subfield code="a">Kleinbard, Edward D.,</subfield>
      <subfield code="e">author.</subfield>
   </datafield>
   <datafield ind1="1" ind2="0" tag="245">
      <subfield code="a">We are better than this :</subfield>
      <subfield code="b">how government should spend our money /</subfield>
      <subfield code="c">Edward D. Kleinbard.</subfield>
   </datafield>
   <datafield ind1=" " ind2="1" tag="264">
      <subfield code="a">Oxford ;</subfield>
      <subfield code="a">New York :</subfield>
      <subfield code="b">Oxford University Press,</subfield>
      <subfield code="c">[2015]</subfield>
   </datafield>
   <datafield ind1=" " ind2="4" tag="264">
      <subfield code="c">©2015</subfield>
   </datafield>
   <datafield ind1=" " ind2=" " tag="300">
      <subfield code="a">xxvii, 509 pages :</subfield>
      <subfield code="b">illustrations ;</subfield>
      <subfield code="c">25 cm</subfield>
   </datafield>
   <datafield ind1=" " ind2=" " tag="336">
      <subfield code="a">text</subfield>
      <subfield code="2">rdacontent</subfield>
   </datafield>
   <datafield ind1=" " ind2=" " tag="337">
      <subfield code="a">unmediated</subfield>
      <subfield code="2">rdamedia</subfield>
   </datafield>
   <datafield ind1=" " ind2=" " tag="338">
      <subfield code="a">volume</subfield>
      <subfield code="2">rdacarrier</subfield>
   </datafield>
   <datafield ind1=" " ind2=" " tag="504">
      <subfield code="a">Includes bibliographical references (pages 461-482) and index.</subfield>
   </datafield>
   <datafield ind1="0" ind2=" " tag="505">
      <subfield code="a">A nation of jerks? -- Taxing and spending, or spending and taxing? -- What's moral philosophy got to do with this? -- A Dutch uncle to all -- The book's ambitions -- The book's data sources -- A closing apology -- pt. I. Our fiscal soul in peril. 1. The happiness of society : Fiscal policy and our happiness ; The instruments of fiscal policy ; Other tools of government ; National welfare is not national income ; What does GDP actually measure? ; Alternative welfare measures ; Equality of opportunity -- 2. Our descent from moral philosophy to narcissism : The villains in this drama ; Adam Smith, moralist and mensch ; Neoliberalism ; Marketplace freedoms, political liberties ; Neoliberal thinking in action ; Did soup kitchens cause the great recession? ; Market triumphalism -- 3. Our dismal report card : Grading our performance ; Who grades us? ; Sagging median incomes, collapsing wealth ; Hours worked ; International comparisons ; Long-term employment trends ; Poverty ; Income and wealth inequality ; Economic mobility ; What have we bought for all this? ; Welfare is the ultimate metric -- 4. Inequality defenders, deniers, and dissemblers : Inequality defenders ; Inequality deniers ; Inequality dissemblers -- 5. The growth fairy : The redistribution ogre ; The growth fairy narrative ; A background of low tax rates ; Empirical studies: Individual labor and savings ; Empirical studies: Business income ; Top-down economic models ; Growth effects of government investment ; Income growth or welfare growth? --</subfield>
   </datafield>
   <datafield ind1="0" ind2=" " tag="505">
      <subfield code="a">pt. II. Starving our fiscal soul. 6. A field guide to false fiscal crises : Our Procrustean framing of fiscal policy ; The federal budget, debt, and deficits ; Budget brinksmanship ; The great recession ; Where are we heading? ; A tale of two budgets ; Spending: squeezing blood from the stone -- 7. An overweight government? : A two-fisted spender? ; Military spending ; Healthcare ; Fifty shades of grey...American: social security ; Fifty shades of grey...Americans: medicare ; Means-tested income support programs -- 8. Are high taxes killing us? : The United States is a low-tax paradise ; Composition of taxes ; Everyone pays taxes ; Economic incidence of taxation ; Shares of total tax burden ; Effective and marginal tax rates ; A progressive tax system? -- 9. The hidden hand of government spending : Our subsurface spending programs ; Government-subsidized private healthcare ; Economic implications of tax expenditures ; Budget process and presentation concerns ; Evaluating tax expenditures on the merits ; How much is at stake? ; Who benefits? ; The sacred tax cows of personal itemized deductions: it's them or us ; Low taxes yet high pain --</subfield>
   </datafield>
   <datafield ind1="0" ind2=" " tag="505">
      <subfield code="a">pt. III. Reclaiming our fiscal soul. 10. Government investment : The many faces of investment ; Infrastructure ; Education -- 11. Government as insurer : What is insurance? ; Social insurance ; The social value of insurance ; Healthcare insurance ; Other social insurance programs ; Social insurance and "redistribution" ; Aristotelian fallacies and Jason the surfer -- 12. From a progressive tax to a progressive fiscal system : Progressive taxation versus a progressive fiscal system ; What's so good about progressive taxation? ; Tax progressivity in contemporary application ; Two levers of progressivity ; Progressive fiscal systems and happiness ; Progressive fiscal systems and efficiency -- 13. The better base case : Focus of the better base case ; Right-sizing spending ; Right-sizing revenues ; Additional revenues ; Fundamental tax reform: nice but unnecessary ; Really fundamental income tax reform ; The dual business enterprise income tax -- 14. We are better than this : Moving forward ; The pursuit of happiness.</subfield>
   </datafield>
   <datafield ind1=" " ind2=" " tag="520">
      <subfield code="a">"We Are Better Than This fundamentally reframes budget debates in the United States. Author Edward D. Kleinbard explains how the public's preoccupation with tax policy alone has obscured any understanding of government's ability to complement the private sector through investment and insurance programs that enhance the general welfare and prosperity of our society at large. He argues that when we choose how government should spend and tax, we open a window into our "fiscal soul," because those choices are the means by which we express the values we cherish and the regard in which we hold our fellow citizens. Though these values are being diminished by short-sighted decisions to starve government, strategic government spending can directly make citizens happier, healthier, and even wealthier. Expertly combining the latest economic research with his insider knowledge of the budget process into a simple yet compelling narrative, he unmasks the tax mythologies and false arguments that too often dominate contemporary discourse about budget policies. Large quantities of comparative data are succinctly distilled to situate the United States among its peer countries, so that readers can judge for themselves whether contemporary budget choices really reflect our aspirational fiscal soul. Kleinbard's presentation takes a multi-disciplinary approach, drawing on economics, finance, law, political science and moral philosophy. He uniquely weaves economic research and moral philosophy together by emphasizing our welfare, not just our national income, and by contrasting the actual beliefs of Adam Smith, a great moral philosopher, with the cartoon version of the man presented by proponents of the most extreme forms of private market triumphalism"--</subfield>
      <subfield code="c">Provided by publisher.</subfield>
   </datafield>
   <datafield ind1=" " ind2=" " tag="520">
      <subfield code="a">"A book which examines how government - which is to say, all of us, acting collectively - can make our country healthier, wealthier and happier, if we put government to useful work in those areas where it most productively complements our private markets"--</subfield>
      <subfield code="c">Provided by publisher.</subfield>
   </datafield>
   <datafield ind1=" " ind2=" " tag="596">
      <subfield code="a">43</subfield>
   </datafield>
   <datafield ind1=" " ind2="0" tag="650">
      <subfield code="a">Fiscal policy</subfield>
      <subfield code="z">United States.</subfield>
   </datafield>
   <datafield ind1=" " ind2="0" tag="650">
      <subfield code="a">Finance, Public</subfield>
      <subfield code="z">United States.</subfield>
   </datafield>
   <datafield ind1=" " ind2="0" tag="650">
      <subfield code="a">Government spending policy</subfield>
      <subfield code="z">United States.</subfield>
   </datafield>
   <datafield ind1=" " ind2="0" tag="651">
      <subfield code="a">United States</subfield>
      <subfield code="x">Appropriations and expenditures.</subfield>
   </datafield>
   <datafield ind1=" " ind2=" " tag="949">
      <subfield code="a">HJ 257.2 K59 2015</subfield>
      <subfield code="c">1</subfield>
      <subfield code="h">UAHS-B</subfield>
      <subfield code="i">0162035232618</subfield>
   </datafield>
   <datafield ind1=" " ind2=" " tag="926">
      <subfield code="a">HJ 257.2 K59 2015</subfield>
      <subfield code="w">LC</subfield>
      <subfield code="c">1</subfield>
      <subfield code="i">0162035232618</subfield>
      <subfield code="d">2/26/2017</subfield>
      <subfield code="e">2/26/2017</subfield>
      <subfield code="k">CHECKEDOUT</subfield>
      <subfield code="l">ON_SHELF</subfield>
      <subfield code="m">UAHSS</subfield>
      <subfield code="n">2</subfield>
      <subfield code="p">$150.00</subfield>
      <subfield code="r">M</subfield>
      <subfield code="s">Y</subfield>
      <subfield code="t">BOOK</subfield>
      <subfield code="u">2/4/2015</subfield>
   </datafield>
</record>
